<record><leader>00000cas a2200000 a 4500</leader><controlfield tag="001">38019668</controlfield><controlfield tag="008">971201d19621965azuwr ne      0    0eng d</controlfield><datafield ind1=" " ind2=" " tag="010"><subfield code="a">sn 97060225 </subfield></datafield><datafield ind1=" " ind2=" " tag="040"><subfield code="a">ANN</subfield><subfield code="b">eng</subfield><subfield code="c">ANN</subfield><subfield code="d">OCLCQ</subfield><subfield code="d">OCLCF</subfield><subfield code="d">OCLCO</subfield></datafield><datafield ind1="1" ind2=" " tag="029"><subfield code="a">AU@</subfield><subfield code="b">000013651641</subfield></datafield><datafield ind1=" " ind2=" " tag="042"><subfield code="a">msc</subfield></datafield><datafield ind1=" " ind2=" " tag="043"><subfield code="a">n-us-az</subfield></datafield><datafield ind1="0" ind2="4" tag="245"><subfield code="a">The Westside citizen.</subfield></datafield><datafield ind1=" " ind2=" " tag="260"><subfield code="a">Avondale, Ariz. :</subfield><subfield code="b">J. Wesner,</subfield><subfield code="c">1962-1965.</subfield></datafield><datafield ind1=" " ind2=" " tag="300"><subfield code="a">v. :</subfield><subfield code="b">ill.</subfield></datafield><datafield ind1=" " ind2=" " tag="310"><subfield code="a">Weekly</subfield></datafield><datafield ind1="0" ind2=" " tag="362"><subfield code="a">Vol. 1, no. 1 (Sept. 20, 1962) -v.3, no. 18 (Feb. 2, 1965).</subfield></datafield><datafield ind1=" " ind2=" " tag="580"><subfield code="a">Merged with: Westside enterprise (Goodyear, Ariz.) to form: Westsider (Goodyear, Ariz.).</subfield></datafield><datafield ind1=" " ind2="0" tag="651"><subfield code="a">Avondale (Ariz.)</subfield><subfield code="v">Newspapers.</subfield></datafield><datafield ind1=" " ind2="0" tag="651"><subfield code="a">Phoenix (Ariz.)</subfield><subfield code="v">Newspapers.</subfield></datafield><datafield ind1=" " ind2="0" tag="651"><subfield code="a">Maricopa County (Ariz.)</subfield><subfield code="v">Newspapers.</subfield></datafield><datafield ind1=" " ind2="7" tag="655"><subfield code="a">Newspapers.</subfield><subfield code="2">fast</subfield><subfield code="0">(OCoLC)fst01423814</subfield></datafield><datafield ind1=" " ind2="7" tag="651"><subfield code="a">Arizona</subfield><subfield code="z">Avondale.</subfield><subfield code="2">fast</subfield><subfield code="0">(OCoLC)fst01226650</subfield></datafield><datafield ind1=" " ind2="7" tag="651"><subfield code="a">Arizona</subfield><subfield code="z">Maricopa County.</subfield><subfield code="2">fast</subfield><subfield code="0">(OCoLC)fst01217111</subfield></datafield><datafield ind1=" " ind2="7" tag="651"><subfield code="a">Arizona</subfield><subfield code="z">Phoenix.</subfield><subfield code="2">fast</subfield><subfield code="0">(OCoLC)fst01213753</subfield></datafield><datafield ind1=" " ind2=" " tag="752"><subfield code="a">United States</subfield><subfield code="b">Arizona</subfield><subfield code="c">Maricopa</subfield><subfield code="d">Avondale.</subfield></datafield><datafield ind1="1" ind2="7" tag="785"><subfield code="t">Westside enterprise (Goodyear, Ariz.)</subfield><subfield code="w">(DLC)sn 94050657</subfield></datafield><datafield ind1="1" ind2="7" tag="785"><subfield code="t">Westsider (Goodyear, Ariz.)</subfield><subfield code="w">(DLC)sn 94050658</subfield></datafield></record>